@misc{opencl_64bit,
author={Gaster, Benedict and Houston, Michael and Sumner, Brian and Villmow, Micah and Zheng, Bixia},
title={cl\_amd\_fp64},
howpublished={\url{https://www.khronos.org/registry/cl/extensions/amd/cl_amd_fp64.txt}},
urldate={2016-3-24},
year={2010}
}
